<record><leader>00000cas a22000007a 4500</leader><controlfield tag="001">11735388</controlfield><controlfield tag="008">850226d18531857njudn ne      0    0eng d</controlfield><datafield ind1=" " ind2=" " tag="010"><subfield code="a">sn 85025418 </subfield></datafield><datafield ind1=" " ind2=" " tag="040"><subfield code="a">NPX</subfield><subfield code="b">eng</subfield><subfield code="c">NPX</subfield><subfield code="d">NPA</subfield><subfield code="d">NJW</subfield><subfield code="d">OCLCQ</subfield></datafield><datafield ind1=" " ind2=" " tag="042"><subfield code="a">msc</subfield></datafield><datafield ind1="0" ind2="0" tag="245"><subfield code="a">Newark daily eagle.</subfield></datafield><datafield ind1=" " ind2=" " tag="260"><subfield code="a">Newark, N.J. :</subfield><subfield code="b">Charles K. Bishop</subfield></datafield><datafield ind1=" " ind2=" " tag="300"><subfield code="a">v.</subfield></datafield><datafield ind1=" " ind2=" " tag="310"><subfield code="a">Daily (except Sun.)</subfield></datafield><datafield ind1="1" ind2=" " tag="362"><subfield code="a">Began with June 15, 1853 issue; ceased with Oct. 31, 1857 issue.</subfield></datafield><datafield ind1=" " ind2=" " tag="500"><subfield code="a">Editor: Charles K. Bishop, &lt;1853&gt;.</subfield></datafield><datafield ind1=" " ind2=" " tag="500"><subfield code="a">Native-American. Cf. Atkinson, J. Hist. of Newark, N.J., 1878.</subfield></datafield><datafield ind1=" " ind2=" " tag="580"><subfield code="a">Weekly ed.: New Jersey eagle (Newark, N.J. : 1849).</subfield></datafield><datafield ind1=" " ind2=" " tag="588"><subfield code="a">Description based on: New ser., v. 7, no. 43 (Aug. 2, 1853).</subfield></datafield><datafield ind1=" " ind2=" " tag="752"><subfield code="a">United States</subfield><subfield code="b">New Jersey</subfield><subfield code="c">Essex</subfield><subfield code="d">Newark.</subfield></datafield><datafield ind1="1" ind2=" " tag="775"><subfield code="t">New Jersey eagle (Newark, N.J. : 1849)</subfield><subfield code="w">(DLC)sn 85036054</subfield><subfield code="w">(OCoLC)13084969</subfield></datafield><datafield ind1="0" ind2="0" tag="780"><subfield code="t">Newark morning eagle</subfield><subfield code="w">(DLC)sn 84020486</subfield><subfield code="w">(OCoLC)10939805</subfield></datafield><datafield ind1="0" ind2="7" tag="785"><subfield code="t">Daily Jacksonian</subfield><subfield code="w">(DLC)sn 87068058</subfield><subfield code="w">(OCoLC)16261491</subfield></datafield><datafield ind1="0" ind2="7" tag="785"><subfield code="t">Newark evening journal</subfield><subfield code="w">(DLC)sn 84026551</subfield><subfield code="w">(OCoLC)10498081</subfield></datafield><datafield ind1="1" ind2=" " tag="029"><subfield code="a">AU@</subfield><subfield code="b">000025819783</subfield></datafield></record>